@booklet{naikaku2022,
author="内閣府",
title="Society 5.0の実現に向けた教育・人材育成に関する政策パッケージ",
year=2022,
howpublished = "\url{https://www8.cao.go.jp/cstp/tyousakai/kyouikujinzai/saishu_print.pdf}"
}

@booklet{monka2012,
author="文部科学省",
title="大学で育成する人物像と大学政策",
year=2012,
howpublished="\url{https://www.mext.go.jp/b_menu/shingi/chukyo/chukyo0/gijiroku/__icsFiles/afieldfile/2012/03/22/1318900_7.pdf}"
}

@booklet{monka20122,
author="文部科学省",
title="大学教育改革の状況と厳しい評価",
year=2012,
howpublished="\url{https://www.mext.go.jp/a_menu/koutou/daigakukyou/__icsFiles/afieldfile/2012/04/19/1319974_01.pdf}"
}

@booklet{monka2023,
author="文部科学省",
title="全国学生調査",
year=2023,
howpublished="\url{https://www.mext.go.jp/content/20230712-koutou02-000001987_1.pdf}"
}

@booklet{unv2023,
author="千葉工業大学",
title="学生生活アンケ―ト2023",
year=2023,
howpublished="\url{https://www.it-chiba.ac.jp/media/2023questionnaire.pdf}"
}

@booklet{somu2019,
author="総務省",
title="情報通信白書　令和元年版",
year=2019,
howpublished="\url{https://www.soumu.go.jp/johotsusintokei/whitepaper/ja/r01/html/nd111110.html}"
}

@booklet{somu2024,
author="総務省",
title="情報通信白書　令和6年版",
year=2024,
howpublished="\url{https://www.soumu.go.jp/johotsusintokei/whitepaper/ja/r06/html/nd21b120.html}"
}

@misc{somu2023,
publisher="総務省",
title="令和5年通信利用動向調査の結果",
howpublished="\url{https://www.soumu.go.jp/johotsusintokei/statistics/data/240607_1.pdf}"
}

@booklet{somu2016,
author="総務省",
title="情報通信白書　平成28年版",
howpublished="\url{https://www.soumu.go.jp/johotsusintokei/whitepaper/ja/h28/html/nc142120.html}"
}

@booklet{nomura2023,
author="野村総合研究所",
title="日本のChatGPT利用動向",
howpublished="\url{https://www.nri.com/jp/knowledge/report/20230526_1.html}"
}
